@STRING(PRL="Phys. Rev. Lett.")
@STRING(RMP="Rev. Mod. Phys.")
@STRING(SAB="Sensor. Actuat. B")
@STRING(ACA="Anal. Chim. Acta")
@STRING(AC="Anal. Chem.")
@STRING(BB="Biosens. Bioelectron.")
@STRING(JPC="J. Phys. Chem.")
@STRING(ABB="Applied Biochemistry and Biotechnology")
@STRING(EST="Environ. Sci. Technol.")
@STRING(ASS="Applied Surface Science")
@STRING(NB="Nature Biotechnology")
@STRING(EAS="Electroanalysis")
@STRING(EA="Electrochim. Acta")
@STRING(JPCB="J. Phys. Chem. B")
@STRING(JEC="J. Electroanal. Chem.")
@STRING(JACS="J. Am. Chem. Soc.")
@STRING(JOC="J. Org. Chem.")
@STRING(PNAS="Proceedings of the National Academy of Sciences")
@STRING(JES="J. Electrochem. Soc.")
@STRING(NAR="Nucleic Acids Research")
@STRING(CL="Chem Lett")
@STRING(ARBE="Annu. Rev. Biomed. Eng.")
@STRING(NAR="Nucleic Acids Research")
@STRING(TIB="TRENDS in Biotechnology")
@STRING(TAC="Trends Anal. Chem.")
@STRING(PG="Psychiatric Genetics")
@STRING(COCB="Current Opinion in Chemical Biology")
@STRING(ACIE="Angew. Chem. Int. Ed.")
@STRING(MSEC="Materials Science and Engineering C")
@STRING(CC="Chem. Commun.")
@STRING(ANYAS="Annals New York Academy of Sciences")
@STRING(NM="Nature Materials")
@STRING(CR="Chem. Rev.")
@STRING(MTT="IEEE Trans. Microwave Theory Tech.")
@STRING(MJ="Microwave J.")
@STRING(ITIM="IEEE Trans. Instrum. Meas.")
@STRING(APL="Appl. Phys. Lett.")
@STRING(JPS="J. Power Sour.")
@STRING(POC="Prog. Org. Coat.")
%%%%%%%%%%%%%%%%%%%%%%%%%%%%%%%%%%%%%%%%%%%%%%%%%%%%%%%%%%%%%%%%%%%%%%%

%References from SRS
@article{harris78,
    author="Fredric J. Harris",
    title="On the use of windows for harmonic analysis with the discrete fourier transform",
    journal=PI3E,
    volume=66,
    pages=51,
    year=1978
}

@book{davies,
   AUTHOR="C.W. Davies",
   TITLE="Electrochemistry",
   PUBLISHER="Philosophical Library Inc.",
   YEAR=1968,
}

@article{lang05,
    author="G. L\'{a}ng and G. Inzelt and A. Vrabecz and G. Hor\'{a}nyi",
    title="Electrochemical aspects of some specific features connected with the behavior of iron group metals in aqueous perchloric acid/perchlorate media",
    journal=JEC,
    volume=582,
    pages=249,
    year=2005
}

@article{aberg96,
    author="Svante \r{A}berg and Michael Sharp",
    title="A theoretical expression for the effect of IR drop on the current response in a potential step experiment",
    journal=JEC,
    volume=403,
    pages=31,
    year=1996
}

@ARTICLE{skerry91,
   AUTHOR="B.S. Skerry and D.A. Eden",
   TITLE="Characterisation of coatings performance using electrochemical noise analysis",
   JOURNAL=POC,
   VOLUME=19,
   PAGES=379,
   YEAR=1991
}
@ARTICLE{skerry87,
   AUTHOR="B.S. Skerry and D.A. Eden",
   TITLE="Electrochemical testing to assess corrosion protective coatings",
   JOURNAL=POC,
   VOLUME=15,
   PAGES=269,
   YEAR=1987
}
@ARTICLE{bierwagen96,
   AUTHOR="Gordon P. Bierwagen",
   TITLE="Reflections on corrosion control by organic coatings",
   JOURNAL=POC,
   VOLUME=28,
   PAGES=43,
   YEAR=1996
}
@ARTICLE{bierwagen03,
   AUTHOR="Gordon P. Bierwagen and X. Wang and D.E. Tallman",
   TITLE="In situ study of coatings using embedded electrodes for ENM measurements",
   JOURNAL=POC,
   VOLUME=46,
   PAGES=163,
   YEAR=2003
}
@ARTICLE{blanc75,
   AUTHOR="G. Blanc and C. Gabrielli and M. Keddam",
   TITLE="Measurement of the electrochemical noise by a cross correlation method",
   JOURNAL=EA,
   VOLUME=20,
   PAGES=687,
   YEAR=1975
}
@ARTICLE{epelboin79,
   AUTHOR="I. Epelboin and C. Gabrielli and M. Keddam and L. Raillon",
   TITLE="Measurement of the power spectral density of electrochemical noise: Direct two-channel method",
   JOURNAL=JEC,
   VOLUME=105,
   PAGES=389,
   YEAR=1979
}
@ARTICLE{blanc78,
   AUTHOR="G. Blanc and C. Gabrielli and M. Ksouri and R. Wiart",
   TITLE="Experimental study of the relationships between the electrochemical noise and the structure of the electrodeposits of metals",
   JOURNAL=EA,
   VOLUME=23,
   PAGES=337,
   YEAR=1978
}

@ARTICLE{cassoux85,
   AUTHOR="P. Cassoux and R. Dartiguepeyron and P.L. Fabre and D. DeMontauzon",
   TITLE="Automatic {IR} drop correction for studies of electrochemical systems",
   JOURNAL=EA,
   VOLUME=30,
   PAGES=1485,
   YEAR=1985
}

@ARTICLE{jiang01,
   AUTHOR="Y. Jiang and A.V. Virkar and F. Zhao",
   TITLE="The effect of testing geometry on the measurement of cell performance in anode-supported solid oxide fuel cells: The effect of cathode area",
   JOURNAL=JES,
   VOLUME=148,
   PAGES="A1091",
   YEAR=2001
}

@ARTICLE{hallaj00,
   AUTHOR="S. Al Hallaj and R. Venkatachalapathy and J. Prakash and J. R. Selman",
   TITLE="Entropy changes due to structural transformation in the graphite anode and phase change of the $\mathrm{LiCoO_2}$ cathode",
   JOURNAL=JES,
   VOLUME=147,
   PAGES="2432",
   YEAR=2000
}

@ARTICLE{abe04,
   AUTHOR="Takayuki Abe and Hiroyuki Shima and Kuniaki Watanabe and Yukio Ito",
   TITLE="Study of {PEFC}s by {AC} impedance, current interrupt, and dew point measurements, part 1",
   JOURNAL=JES,
   VOLUME=151,
   PAGES="A101",
   YEAR=2004
}

@ARTICLE{mcintyre70,
   AUTHOR="J.D. McIntyre and W.F. Peck",
   TITLE="An interrupter technique for measuring the uncompensated resistance of electrode reactions under potentiostatic control",
   JOURNAL=JES,
   VOLUME=117,
   PAGES=747,
   YEAR=1970
}

@ARTICLE{bezman72,
   AUTHOR="Richard Bezman",
   TITLE="Sampled-data approach to the reduction of uncompensated resistance effects in poteniostatic experiments",
   JOURNAL=AC,
   VOLUME=44,
   PAGES=1781,
   YEAR=1972
}

@ARTICLE{newman70,
   AUTHOR="John Newman",
   TITLE="Ohmic potential measured by interrupter techniques",
   JOURNAL=JES,
   VOLUME=117,
   PAGES=507,
   YEAR=1970
}

@ARTICLE{krause69,
   AUTHOR="Matthew S. Krause and Louis Ramaley",
   TITLE="Analytical application of square wave voltammetry",
   JOURNAL=AC,
   VOLUME=41,
   PAGES=1365,
   YEAR=1969
}

@ARTICLE{christie77,
   AUTHOR="J.H. Christie and John A. Turner and R.A. Osteryoung",
   TITLE="Square wave voltammetry at the dropping mercury electrode: theory",
   JOURNAL=AC,
   VOLUME=49,
   PAGES=1899,
   YEAR=1977
}
@ARTICLE{nelson98,
   AUTHOR="R.F. Nelson",
   TITLE="Valve-regulated lead/acid battery designs and charging strategies -- are they linked?",
   JOURNAL=JPS,
   VOLUME=73,
   PAGES=104,
   YEAR=1998
}

@ARTICLE{rossinot03,
   AUTHOR="E. Rossinot and C. Lefrou and J.P. Cun",
   TITLE="A study of the scattering of valve-regulated lead acid battery characteristics",
   JOURNAL=JPS,
   VOLUME=114,
   PAGES=160,
   YEAR=2003
}

@ARTICLE{he95,
   AUTHOR="Peixin He",
   TITLE="Conversion of staircase voltammetry to linear sweep voltammetry by analog filtering",
   JOURNAL=AC,
   VOLUME=67,
   PAGES=986,
   YEAR=1995
}

@ARTICLE{stojek91,
   AUTHOR="Zbigniew Stojek and Janet Osteryoung",
   TITLE="Linear scan and staircase voltammetry of adsorbed species",
   JOURNAL=AC,
   VOLUME=63,
   PAGES=839,
   YEAR=1991
}
@ARTICLE{bilewicz89,
   AUTHOR="Renata Bilewicz and Kazimierz Wikiel and Robert Osteryoung and Janet Osteryoung",
   TITLE="General equivalence of linear scan and staircase voltammetry: Experimental Results",
   JOURNAL=AC,
   VOLUME=61,
   PAGES=965,
   YEAR=1989
}
@ARTICLE{seralathan87,
   AUTHOR="M. Seralathan and Robert Osteryoung and Janet Osteryoung",
   TITLE="General equivalence of linear scan and staircase voltammetry",
   JOURNAL=JEC,
   VOLUME=222,
   PAGES=69,
   YEAR=1987
}
@ARTICLE{seralathan86,
   AUTHOR="M. Seralathan and Robert Osteryoung and Janet Osteryoung",
   TITLE="Comparison of linear sweep and staircase voltammetries using {Walsh} series",
   JOURNAL=JEC,
   VOLUME=214,
   PAGES=141,
   YEAR=1986
}
@ARTICLE{bilewicz86,
   AUTHOR="Renata Bilewicz and R.A. Osteryoung and Janet Osteryoung",
   TITLE="Comparison of linear scan and staircase voltammetry: experimental results",
   JOURNAL=AC,
   VOLUME=58,
   PAGES=2761,
   YEAR=1986
}

@ARTICLE{zipper73,
   AUTHOR="J.J. Zipper and S.P. Perone",
   TITLE="Theoretical and experimental evaluation of staircase voltammetry",
   JOURNAL=AC,
   VOLUME=45,
   PAGES=452,
   YEAR=1973
}

@ARTICLE{miaw78,
   AUTHOR="Lee-Hua L. Miaw and P.A. Boudreau and M.A. Pichler and S.P. Perone",
   TITLE="Theoretical and experimental evaluation of cyclic staircase voltammetry",
   JOURNAL=AC,
   VOLUME=50,
   PAGES=1988,
   YEAR=1978
}

@ARTICLE{nicholson65,
   AUTHOR="Richard S. Nicholson",
   TITLE="Theory and application of cyclic voltammetry for measurement of electrode reaction kinetics",
   JOURNAL=AC,
   VOLUME=11,
   PAGES=1351,
   YEAR=1965
}

@INCOLLECTION{ASTM:G61,
    AUTHOR       = "ASTM",
    TITLE        = "Standard test method for conducting cyclic potentiodynamic polarization measurements for localized corrosion susceptibility of iron-, nickel-, or cobalt-based alloys",
    EDITOR       = "",
    BOOKTITLE    = "G 61-86",
    PUBLISHER    = "",
    ADDRESS      = "West Conshohocken, Pa.",
    MONTH        = "",
    YEAR         = 2003,
    EDITION      = "",
    PAGES        = "",
    ORGANIZATION = "",
    NOTE         = "",
    }
@ARTICLE{lee04,
   AUTHOR="Joo-Yul Lee and Jae-Woo Kim and Min-Kyu Lee and Hyun-Joon Shin",
   TITLE="Effects of organic additives on initial stages of zinc electroplating on iron",
   JOURNAL=JES,
   VOLUME=151,
   PAGES="C25",
   YEAR=2004
}

@ARTICLE{li04,
   AUTHOR="Meixian Li and Jianxiu Wang and Baoyun Sun and Nanqiang Li and Zhennan Gu",
   TITLE="Investigation on the electrochemisty of {Gd@}$\mathrm{C_{82}}$/{DDAB} films in an aqueous solution",
   JOURNAL=JES,
   VOLUME=151,
   PAGES="E271",
   YEAR=2004
}
@ARTICLE{tsuda04,
   AUTHOR="Tetsuya Tsuda and Charles L. Hussey and Gery R. Stafford and Ole Kongstein",
   TITLE="Electrodeposition of {Al-Zr} alloys from lewis acidic aluminum chloride-1-ethyl-3-methylimidazolium chloride melt",
   JOURNAL=JES,
   VOLUME=151,
   PAGES="C447",
   YEAR=2004
}
@book{self,
   AUTHOR="Douglas Self",
   TITLE="Self on Audio",
   PUBLISHER="Newness",
   YEAR=2000,
}
@book{horowitz,
   AUTHOR="Paul Horowitz and Winfield Hill",
   TITLE="The Art of Electronics",
   PUBLISHER="Cambridge University Press",
   EDITION="Second",
   YEAR=1989,
}
@book{arbook,
   AUTHOR="M. Giles",
   TITLE="Audio/Radio Handbook",
   PUBLISHER="National Semiconductor",
   YEAR=1980,
}
%%%%%%%%%%%%%%%%%%%%%%%%%%%%%%%%%%%%%%%%%%%%%%%%%%%%%%%%%%%%%%%%%%%%%%%%%%%%%%%%%%%%%%%%%%


%%%%%%%%%%%%%%%%%%%%%%%%%%%%%%%%%%%%%%%%%%%%%%%%%%%%%%%%%%%%%%%%%%%%%%%%%%%%%%%%%%%%%%%%%%
%Extra thesis references
%%%%%%%%%%%%%%%%%%%%%%%%%%%%%%%%%%%%%%%%%%%%%%%%%%%%%%%%%%%%%%%%%%%%%%%%%%%%%%%%%%%%%%%%%%
@book{schena,
   AUTHOR="M. Schena",
   TITLE="DNA Microarrays: A practical approach",
   PUBLISHER="Oxford University Press",
   YEAR=1999,
}
%%%%%%%%%%%%%%%%%%%%%%%%%%%%%%%%%%%%%%%%%%%%%%%%%%%%%%%%%%%%%%%%%%%%%%%%%%%%%%%%%%%%%%%%%%
%Start the references for the ecs paper
%%%%%%%%%%%%%%%%%%%%%%%%%%%%%%%%%%%%%%%%%%%%%%%%%%%%%%%%%%%%%%%%%%%%%%%%%%%%%%%%%%%%%%%%%%
@ARTICLE{odea94,
   AUTHOR="John J. O'Dea and Robert A. Osteryoung and Janet G. Osteryoung",
   TITLE="Radio frequency detectors based on microelectrodes",
   JOURNAL=AC,
   VOLUME=66,
   PAGES=798,
   YEAR=1994
}
@ARTICLE{janek98,
   AUTHOR="Richard P. Janek and W. Ronald Fawcett",
   TITLE="Impedance spectroscopy of self-assembled monolayers on Au(111): Sodium ferrocyanide charge transfer at modified electrodes",
   JOURNAL="Langmuir",
   VOLUME=14,
   PAGES=3011,
   YEAR=1998
}
@ARTICLE{mirsky02,
   AUTHOR="Vladimir M. Mirsky",
   TITLE="New electroanalytical applications of self-assembled monolayers",
   JOURNAL=TAC,
   VOLUME=21,
   PAGES=439,
   YEAR=2002
}
@ARTICLE{sur01,
   AUTHOR="Ujjal Kumar Sur and V. Lakshminarayanan",
   TITLE="Effect of bulk structure of some non-aqueous solvents on the barrier properties of alkanethiol monolayer",
   JOURNAL=JEC,
   VOLUME=516,
   PAGES=31,
   YEAR=2001
}
%%%%%%%%%%%%%%%%%%%%%%%%%%%%%%%%%%%%%%%%%%%%%%%%%%%%%%%%%%%%%%%%%%%%%%%%%%%%%%%%%%%%%%%%%%
%Start the references for the mtt paper
%%%%%%%%%%%%%%%%%%%%%%%%%%%%%%%%%%%%%%%%%%%%%%%%%%%%%%%%%%%%%%%%%%%%%%%%%%%%%%%%%%%%%%%%%%
@ARTICLE{akhavan99,
   AUTHOR="H. G. Akhavan and D. Mirshelkar-Syahkal",
   TITLE="Slot antennas for measurement of properties of dielectrics at microwave frequencies",
   JOURNAL="IEE National Conference on Antennas and Propagation",
   NOTE = "(IEE Conf. Publ. No. 461)",
   PAGES=8,
   YEAR="April 1999"
}
@ARTICLE{bogosanovich00,
   AUTHOR="M. Bogosanovich",
   TITLE="Microstrip patch sensor for measurement of the permittivity of homogeneous dielectric materials",
   JOURNAL=ITIM,
   VOLUME=49,
   PAGES=1144,
   YEAR=2000
}
@ARTICLE{gagnadre95,
   AUTHOR="I. Gagnadre and C. Gagnadre and J. P. Fenelon",
   TITLE="Circular patch antenna sensor for moisture content measurement on dielectric material",
   JOURNAL="Electron. Lett.",
   VOLUME=31,
   PAGES=1167,
   YEAR=1995
}
@ARTICLE{shimin86,
   AUTHOR="D. Shimin",
   TITLE="A new method for measuring dielectric constant using the resonant frequency of a patch antenna",
   JOURNAL="IEEE Trans. Microwave Theory Tech.",
   VOLUME="MTT-34",
   PAGES=923,
   YEAR=1986
}
@ARTICLE{song00,
   AUTHOR="G. Song and S. Follonier and A. Knoesen and R. D. Miller",
   TITLE="Characterization of thin-film low-dielectric constant materials in the microwave range using on-wafer parallel-plate transmission lines",
   JOURNAL="IEEE Microwave Guided Wave Lett.",
   VOLUME=10,
   PAGES=183,
   YEAR=2000
}
@ARTICLE{waldo97,
   AUTHOR="M. K. Waldo and I. Kaufman and S. El-Ghazaly",
   TITLE="Coplanar waveguide technique for measurement of dielectric constant or thickness of dielectric films",
   JOURNAL="1997 IEEE MTT-s International Microwave Symposium Digest",
   PAGES=1339,
   YEAR="June 1997"
}
@ARTICLE{root92,
   AUTHOR="L. F. Root and I. Kaufman",
   TITLE="Noncontacting low-cost instrument for film thickness measurement",
   JOURNAL=ITIM,
   VOLUME=41,
   PAGES=1014,
   YEAR=1992
}
@ARTICLE{weiss99,
   AUTHOR="P. S. Weiss",
   NOTE="U.S. Patent No. 5,858,666",
   YEAR=1999
}
@ARTICLE{humbert98,
   AUTHOR="W. R. Humbert and W. R. Scott",
   TITLE="Open-structure resonant technique for measuring the dielectric properties of materials",
   JOURNAL=ITIM,
   VOLUME=47,
   PAGES=666,
   YEAR=1998
}
@ARTICLE{thomas97,
   AUTHOR="R. Thomas and D. C. Dube",
   TITLE="Extended technique for complex permittivity measurement of dielectric films in the microwave region",
   JOURNAL="Electron. Lett.",
   VOLUME=33,
   PAGES=218,
   YEAR=1997
}
@ARTICLE{facer01,
   AUTHOR="G. R. Facer and D. A. Notterman and L. L. Sohn",
   TITLE="Dielectric spectroscopy for bioanalysis: From 40 Hz to 26.5 GHz in a microfabricated wave guide",
   JOURNAL=APL,
   VOLUME=78,
   PAGES=996,
   YEAR=2001
}
@ARTICLE{hefti99,
   AUTHOR="J. Hefti and A. Pan and A. Kumar",
   TITLE="Sensitive detection method of dielectric dispersions in aqueous-based, surface bound macromolecular structures using microwave spectroscopy",
   JOURNAL=APL,
   VOLUME=75,
   PAGES=1802,
   YEAR=1999
}
@ARTICLE{mckee00,
   AUTHOR="J. M. McKee and B. P. Johnson",
   TITLE="Real-time chemical sensing of aqueous ethanol glucose mixtures",
   JOURNAL=ITIM,
   VOLUME=49,
   PAGES=114,
   YEAR=2000
}
@ARTICLE{garner90,
   AUTHOR="H. R. Garner and T. Ohkawa and O. Tuason and R. L. Lee",
   TITLE="Microwave absorption in substances that form hydration layers with water",
   JOURNAL="Phys. Rev. A",
   VOLUME=42,
   PAGES=7264,
   YEAR=1990
}
@ARTICLE{kaatze85,
   AUTHOR="U. Kaatze and R. Pottel",
   TITLE="On a hydration model utilized in the discussion of dielectric spectra of aqueous solutions",
   JOURNAL="J. Mol. Liquids",
   VOLUME=30,
   PAGES=115,
   YEAR=1985
}
@ARTICLE{ballario78,
   AUTHOR="C. Ballario and A. Bonincontro and C. Cametti",
   TITLE="Dielectric loss of colloidal particles in electrolyte solution at microwave frequencies",
   JOURNAL="J. Colloid Interface Sci.",
   VOLUME=51,
   PAGES=567,
   YEAR=1978
}
@book{scaife,
   AUTHOR="B. K. P. Scaife",
   TITLE="Prinicples of Dielectrics, Monographs on the Physics and Chemistry of Materials",
   PUBLISHER="Clarendon",
   YEAR=1989,
   NOTE={p. 80}
}
@ARTICLE{tran00,
   AUTHOR="P. Tran and B. Alavi and G. Gruner",
   TITLE="Charge transport along the $\lambda$-DNA double helix",
   JOURNAL=PRL,
   VOLUME=85,
   PAGES=1564,
   YEAR=2000
}
@ARTICLE{sonnet,
   NOTE="Sonnet 6.0a \emph{em} Suite, Sonnet Software Inc., Liverpool, NY"
}
@ARTICLE{momentum,
   NOTE="HP Momentum version 5.3, Agilent EESof EDA, Santa Rosa, CA."
}
@ARTICLE{xfdtd,
   NOTE="XFDTD version 5.0.4.9, Remcom Inc., State College, PA."
}
%%%%%%%%%%%%%%%%%%%%%%%%%%%%%%%%%%%%%%%%%%%%%%%%%%%%%%%%%%%%%%%%%%%%%%%%%%%%%%%%%%%%%%%%%%
%End references for mtt paper
%%%%%%%%%%%%%%%%%%%%%%%%%%%%%%%%%%%%%%%%%%%%%%%%%%%%%%%%%%%%%%%%%%%%%%%%%%%%%%%%%%%%%%%%%%
@MANUAL{parc201,
   TITLE="Getting to Know Your Potentiostat, part II:  Corrections for potentiostat response for impedance measurements",
   NOTE="Princeton applied research technical note 201"
}
@ARTICLE{everett95,
   AUTHOR="W. Russell Everett and Ingrid Fritsch-Faules",
   TITLE="Factors that influence the stability of self-assembled organothiols on gold under electrochemical conditions",
   JOURNAL=ACA,
   VOLUME=307,
   PAGES=253,
   YEAR=1995
}
@ARTICLE{jovic03,
   AUTHOR="V. D. Jovi{\'c} and B. M. Jovi{\'c}",
   TITLE="EIS and differential capacitance measurements onto single crystal faces in different solutions.  Part I: Ag(111) in 0.01 M NaCl",
   JOURNAL=JEC,
   VOLUME=541,
   PAGES=1,
   YEAR=2003
}
@ARTICLE{bakker02,
   AUTHOR="Eric Bakker and Martin Telting-Diaz",
   TITLE="Electrochemical Sensors",
   JOURNAL=AC,
   VOLUME=74,
   PAGES=2781,
   YEAR=2002
}
@ARTICLE{schoning00,
   AUTHOR="M. J. Sch{\"o}ning and G. Bu{\ss} and F. Fa{\ss}bender and O. Gl{\"u}ck and H. Emons and G. Schmitt and J. W. Schultze and H. L{\"u}th",
   TITLE="A silicon-based microelectrode array for chemical analysis",
   JOURNAL=SAB,
   VOLUME=65,
   PAGES=284,
   YEAR=2000
}
@MANUAL{an346-4,
   TITLE="8 Hints for Successful Impedance Measurements",
   NOTE="Agilent application note 346-4",
   YEAR=2000
}
@ARTICLE{grahame52,
   AUTHOR="D. C. Grahame and M. A. Poth and J. I. Cummings",
   TITLE="The differential capacity of the electrical double layer.  The role of the anion",
   JOURNAL=JACS,
   VOLUME=74,
   PAGES=4422,
   YEAR=1952
}
@book{brigham,
   AUTHOR="E. Oran Brigham",
   TITLE="The Fast Fourier Transform and its Applications",
   PUBLISHER="Prentice Hall",
   YEAR=1988,
   NOTE={p. 170-172}
}
@book{oppenheim,
   AUTHOR="Alan V. Oppenheim and Ronald W. Schafer",
   TITLE="Discrete-time Signal Processing",
   PUBLISHER="Prentice Hall",
   YEAR=1989,
   NOTE={p. 444-453}
}
@MANUAL{an1364-1,
   TITLE="De-embedding and embedding s-parameter networks using a vector network analyzer",
   NOTE="Agilent application note 1364-1",
   YEAR=2001
}
@ARTICLE{hackborn68,
   AUTHOR="Richard A. Hackborn",
   TITLE="An automatic network analyzer system",
   JOURNAL=MJ,
   PAGES=45,
   YEAR="May 1968"
}
@ARTICLE{rehnmark74,
   AUTHOR="Stig Rehnmark",
   TITLE="On the calibration process of automatic network analyzer systems",
   JOURNAL=MTT,
   VOLUME=22,
   PAGES=457,
   YEAR=1974
}
@ARTICLE{baranski02,
   AUTHOR="Andrzej S. Baranski",
   TITLE="Hot Microelectrodes",
   JOURNAL=AC,
   VOLUME=74,
   PAGES=1294,
   YEAR=2002
}
@ARTICLE{gewirth97,
   AUTHOR="Andrew A. Gewirth and B. K. Niece",
   TITLE="Electrochemical Applications of In Situ Scanning Probe Microscopy",
   JOURNAL=CR,
   VOLUME=97,
   PAGES=1129,
   YEAR=1997
}
@ARTICLE{mansfeld82,
   AUTHOR="Florian B. Mansfeld and M. W. Kendig and S. Tsai",
   TITLE="Evaluation of Corrosion Behavior of Coated Metals with AC Impedance Measurements",
   JOURNAL="Corrosion",
   VOLUME=38,
   PAGES=478,
   YEAR=1982
}
@ARTICLE{yang02,
   AUTHOR="Wensha Yang and Orlando Auciello and James E. Butler and Wei Cai and John A. Carlisle and Jennifer E. Gerbi and Dieter M. Gruen and Tanya Knickerbocker and Tami L. Lasseter and Russell,Jr.,John N., and Lloyd M. Smith and Robert J. Hamers",
   TITLE="DNA-modified nanocrystalline diamond thin-films as stable, biologically active substrates",
   JOURNAL=NM,
   VOLUME=1,
   PAGES=253,
   YEAR=2002
}
@ARTICLE{mcadams95,
   AUTHOR="E. T. McAdams and A. Lackermeier and J. A. McLaughlin and D. Macken",
   TITLE="The Linear and Non-linear Electrical Properties of the Electrode-Electrolyte Interface",
   JOURNAL=BB,
   VOLUME=10,
   PAGES=67,
   YEAR=1995
}
@ARTICLE{schwan68,
   AUTHOR="H. P. Schwan",
   TITLE="Electrode Polarization Impedance and Measurements in Biological Materials",
   JOURNAL=ANYAS,
   VOLUME=148,
   PAGES=191,
   YEAR=1968
}
@ARTICLE{porter87,
   AUTHOR="Marc D. Porter and Thomas B. Bright and David L. Allara and Christopher E. D. Chidsey",
   TITLE="Spontaneously Organized Molecular Assemblies. 4. Structural Characterization of n-Alkyl Thiol Monolayers on Gold by Optical Ellipsometry, Infrared Spectroscopy, and Electrochemistry",
   JOURNAL=JACS,
   VOLUME=109,
   PAGES=3559,
   YEAR=1987
}
@ARTICLE{chou03,
   AUTHOR="H.A. Chou and D.H. Zavitz and M. Ovadia",
   TITLE="In vivo $\mathrm{CH_3(CH_2)_{11}SAu}$ SAM electrodes in the beating heart: In situ analytical studies relevant to pacemakers and interstitial biosensors",
   JOURNAL=BB,
   VOLUME=18,
   PAGES=11,
   YEAR=2003
}
@ARTICLE{lin02,
   AUTHOR="Zhang Lin and Todd Strother and Wei Cai and Xiaoping Cao and Lloyd M. Smith and Robert J. Hamers",
   TITLE="DNA Attachment and Hybridization at the Silicon (100) Surface",
   JOURNAL="Langmuir",
   VOLUME=18,
   PAGES=788,
   YEAR=2002
}
@ARTICLE{hamelin83,
   AUTHOR="A. Hamelin and T. Vitanov and E. Sevastyanov and A. Popov",
   TITLE="The Electrochemical Double Layer on sp Metal Single Crystals: The Current Status of Data",
   JOURNAL=JEC,
   VOLUME=145,
   PAGES=225,
   YEAR=1983
}
@ARTICLE{creager92,
   AUTHOR="Stephen E. Creager and Lisa A. Hockett and Gary K. Rowe",
   TITLE="Consequences of Microscopic Surface Roughness for Molecular Self-Assembly",
   JOURNAL="Langmuir",
   VOLUME=8,
   PAGES=854,
   YEAR=1992
}
@ARTICLE{pajkossy94,
   AUTHOR="T. Pajkossy",
   TITLE="Impedance of rough capacitive electrodes",
   JOURNAL=JEC,
   VOLUME=364,
   PAGES=111,
   YEAR=1994
}
@ARTICLE{gooding02,
   AUTHOR="J.J. Gooding",
   TITLE="Electrochemical DNA hybridization biosensors",
   JOURNAL=EAS,
   VOLUME=14,
   PAGES=1149,
   YEAR=2002
}
@ARTICLE{cloarec02,
   AUTHOR="J.P. Cloarec and N. Deligianis and J.R. Martin and I. Lawrence and E. Souteyrand and C. Polychronakos and M.F. Lowrence",
   TITLE="Immobilization of homooligonucleotide probe layers onto $\mathrm{Si/SiO_2}$ substrates: characterization by electrochemical impedance measurements and radiolabelling",
   JOURNAL=BB,
   VOLUME=17,
   PAGES=405,
   YEAR=2002
}
@ARTICLE{patolsky01,
   AUTHOR="F. Patolsky and I. Willner",
   TITLE="Detection of single-base DNA mutations by enzyme-amplified electronic transduction",
   JOURNAL=NB,
   VOLUME=19,
   PAGES=253,
   YEAR=2001
}
@ARTICLE{popovich02,
   AUTHOR="N.D. Popovich and A.E. Eckhardt and J.C. Mikulecky and M.E. Napier and R.S. Thomas",
   TITLE="Electrochemical sensor for detection of unmodified nucleic acids",
   JOURNAL="Talanta",
   VOLUME=56,
   PAGES=821,
   YEAR=2002
}
@ARTICLE{murphy93,
   AUTHOR="C.J. Murphy and M.R. Arkin and Y. Jenkins and N.D. Ghatlia and S.H. Bossmann and N.J. Turro and J.K. Barton",
   TITLE="Long-range photoinduced electron transfer through a DNA helix",
   JOURNAL="Science",
   VOLUME=262,
   PAGES=1025,
   YEAR=1993
}
@ARTICLE{bardea99,
   AUTHOR="A. Bardea and F. Patolsky and A. Dagan and I. Willner",
   TITLE="Sensing and amplification of oligonucleotide-DNA interactions by means of impedance spectroscopy: a route to a Tay-Sachs sensor",
   JOURNAL=CC,
   VOLUME=1,
   PAGES=21,
   YEAR=1999
}
@ARTICLE{korri-youssoufi01,
   AUTHOR="H. Korri-Youssoufi and C. Richard and A. Yassar",
   TITLE="A new method for the immobilisation of antibodies in conducting polymers",
   JOURNAL=MSEC,
   VOLUME=15,
   PAGES=307,
   YEAR=2001
}
@ARTICLE{kelley99,
   AUTHOR="S.O. Kelley and N.M. Jackson and M.G. Hill and J.K. Barton",
   TITLE="Long-Range electron transfer through DNA films",
   JOURNAL=ACIE,
   VOLUME=38,
   PAGES=941,
   YEAR=1999
}
@ARTICLE{ramsay98,
   AUTHOR="G. Ramsay",
   TITLE="DNA chips: State-of-the art",
   JOURNAL=NB,
   VOLUME=16,
   PAGES=40,
   YEAR=1998
}
@ARTICLE{wang96,
   AUTHOR="J. Wang and X. Cai and G. Rivas and H Shiraishi",
   TITLE="Stripping potentiometric transduction of DNA hybridization processes",
   JOURNAL=ACA,
   VOLUME=326,
   PAGES=141,
   YEAR=1996
}
@ARTICLE{berggren99,
   AUTHOR="C. Berggren and P. Stalhandske and J. Brundell and G. Johansson",
   TITLE="A feasibility study of a capacitive biosensor for direct detection of DNA hybridization",
   JOURNAL=EAS,
   VOLUME=11,
   PAGES=156,
   YEAR=1999
}
@ARTICLE{souteyrand94,
   AUTHOR="E. Souteyrand and J.R. Martin and C. Martelet",
   TITLE="Direct detection of biomolecules by electrochemical impedance measurements",
   JOURNAL=SAB,
   VOLUME=20,
   PAGES=63,
   YEAR=1994
}
@ARTICLE{vercoutere02,
   AUTHOR="W. Vercoutere and M. Akeson",
   TITLE="Biosensors for DNA sequence detection",
   JOURNAL=COCB,
   VOLUME=6,
   PAGES=816,
   YEAR=2002
}
@ARTICLE{sosnowski02,
   AUTHOR="R. Sosnowski and M.J. Heller and E. Tu and A.H. Forster and R. Radtkey",
   TITLE="Active microelectronic array system for DNA hybridization, genotyping and pharmacogenomic applications",
   JOURNAL=PG,
   VOLUME=12,
   PAGES=181,
   YEAR=2002
}
@ARTICLE{willner01,
   AUTHOR="I. Willner and B. Willner",
   TITLE="Biomaterials integrated with electronic elements: en route to bioelectronics",
   JOURNAL=TIB,
   VOLUME=19,
   PAGES=222,
   YEAR=2001
}
@ARTICLE{wang00,
   AUTHOR="J.Wang",
   TITLE="Survey and Summary: From DNA biosensors to gene chips",
   JOURNAL=NAR,
   VOLUME=28,
   PAGES=3011,
   YEAR=2000
}
@ARTICLE{heller02,
   AUTHOR="M.J. Heller",
   TITLE="DNA Microarray Technology: Devices, Systems, and Applications",
   JOURNAL=ARBE,
   VOLUME=4,
   PAGES=129,
   YEAR=2002
}
@ARTICLE{fodor93,
   AUTHOR="S.P.A. Fodor and R.P. Rava and X.C. Huang and A.C. Pease and C.P. Holmes and C.L. Adams",
   TITLE="Multiplexed biochemical assays with biological chips",
   JOURNAL="Nature",
   VOLUME=364,
   PAGES=555,
   YEAR=1993
}
@ARTICLE{berney00,
   AUTHOR="H. Berney and J. West and E. Haefele and J. Alderman and W. Lane and J.K. Collins",
   TITLE="A DNA diagnostic biosensor: development, characterisation and performance",
   JOURNAL=SAB,
   VOLUME=68,
   PAGES=100,
   YEAR=2000
}
@ARTICLE{piunno94,
   AUTHOR="P.A.E. Piunno and U.J. Krull and R.H.E. Hudson and M.J. Damha and H. Cohen",
   TITLE="Fiber optic biosensor for fluorimetric detection of DNA hybridization",
   JOURNAL=ACA,
   VOLUME=288,
   PAGES=205,
   YEAR=1994
}
@ARTICLE{okahata98,
   AUTHOR="Y. Okahata and M. Kawase and K. Niikura and F. Ohtake and H. Furusawa and Y. Ebara",
   TITLE="Kinetic measurements of DNA hybridization on an oligonucleotide-immobilized 27-MHz quartz crystal microbalance",
   JOURNAL=AC,
   VOLUME=70,
   PAGES=1288,
   YEAR=1998
}
@ARTICLE{souteyrand_abb00,
   AUTHOR="E. Souteyrand and C. Chen and J.P. Cloarec and X. Nesme and P. Simonet and I. Navarro and J.R. Martin",
   TITLE="Comparison between electrochemical and optoelectrochemical impedance measurements for detection of DNA hybridization",
   JOURNAL=ABB,
   VOLUME=89,
   PAGES=195,
   YEAR=2000
}
@ARTICLE{marrazza99,
   AUTHOR="G. Marrazza and I. Chianella and M. Mascini",
   TITLE="Disposable DNA electrochemical sensor for hybridization detection",
   JOURNAL=BB,
   VOLUME=14,
   PAGES=43,
   YEAR=1999
}
@ARTICLE{palecek98,
   AUTHOR="E. Pale\v{c}ek and M. Fojta and M. Tomschik and J. Wang",
   TITLE="Electrochemical biosensors for DNA hybridization and DNA damage",
   JOURNAL=BB,
   VOLUME=13,
   PAGES=621,
   YEAR=1998
}

@incollection{mohilner66,
   AUTHOR="D. Mohilner",
   TITLE="The Electrical Double Layer, Part 1: Elements of Double-Layer Theory",
   booktitle="Electroanalytical Chemistry",
   editor="A.J. Bard",
   pages=241,
   publisher="Marcel Dekker, Inc.",
   address="New York",
   VOLUME=1,
   YEAR=1966
}
@ARTICLE{boubour_01,
   AUTHOR="Emmanuelle Boubour and R. Bruce Lennox",
   TITLE="Insulating properties of self-assembled monolayers monitored by impedance spectroscopy",
   JOURNAL="Langmuir",
   VOLUME=16,
   PAGES=4222,
   YEAR=2000
}
@ARTICLE{bryant93,
   AUTHOR="Mark A. Bryant and Richard M. Crooks",
   TITLE="Determination of surface p$K_a$ values of surface-confined molecules derivatized with pH-sensitive pendant groups",
   JOURNAL="Langmuir",
   VOLUME=9,
   PAGES=385,
   YEAR=1993
}
@ARTICLE{leopold02,
   AUTHOR="Michael C. Leopold and Joseph A. Black and Edmond F. Boden",
   TITLE="Influence of gold topography on carboxylic acid terminated self-assembled monolayers",
   JOURNAL="Langmuir",
   VOLUME=18,
   PAGES=978,
   YEAR=2002
}
@ARTICLE{kakiuchi00,
   AUTHOR="Takashi Kakiuchi and Minehiko Iida and S. Imabayashi and Katsumi Niki",
   TITLE="Double-layer-capacitance titration of self-assembled monolayers of $\omega$-functionalized alkanethiols on Au(111) surface",
   JOURNAL="Langmuir",
   VOLUME=16,
   PAGES=5397,
   YEAR=2000
}
@ARTICLE{smalley99,
   AUTHOR="J.F. Smalley and K. Chalfant and S.W. Feldberg and T.M. Nahir and E.F. Bowden",
   TITLE="An indirect laser-induced temperature jump determination of the surface p$K_a$ of 11-Mercaptoundecanoic acid monolayers self-assembled on gold",
   JOURNAL=JPC,
   VOLUME=103,
   PAGES=1676,
   YEAR=1999
}
@ARTICLE{kane98,
   AUTHOR="V. Kane and P. Mulvaney",
   TITLE="Double-layer interactions between self-assembled monolayers of $\omega$-mercaptoundecanoic acid on gold surfaces",
   JOURNAL="Langmuir",
   VOLUME=14,
   PAGES=3303,
   YEAR=1998
}
@ARTICLE{godinez96,
   AUTHOR="Luis A. God\'{\i}nez and Ren\'{\e} Castro and Angel E. Kaifer",
   TITLE="Adsorption of viologen-based polyelectrolytes on carboxylate-terminated self-assembled monolayers",
   JOURNAL="Langmuir",
   VOLUME=12,
   PAGES=5087,
   YEAR=1996
}
@ARTICLE{sugihara00,
   AUTHOR="K. Sugihara and K. Shimazu",
   TITLE="Electrode potential effect on the surface p$K_a$ of a self-assembled 15-mercaptohexadecanoic acid monolayer on a gold/quartz crystal microbalance electrode",
   JOURNAL="Langmuir",
   VOLUME=16,
   PAGES=7101,
   YEAR=2000
}
@ARTICLE{wang92,
   AUTHOR="J. Wang and L.M. Frostman and M.D. Ward",
   TITLE="Self-assembled thiol monolayers with carboxylic acid functionality: measuring pH-dependent phase transitions with the quartz crystal microbalance",
   JOURNAL=JPC,
   VOLUME=96,
   PAGES=5224,
   YEAR=1992
}
@ARTICLE{granek02,
   AUTHOR="V. Granek and J. Rishpon",
   TITLE="Detecting endocrine-disrupting compounds by fast impedance measurements",
   JOURNAL=EST,
   VOLUME=36,
   PAGES=1574,
   YEAR=2002
}
@ARTICLE{thiel97,
   AUTHOR="A.J. Thiel and A.G. Frutos and C.E. Jordan and R.M. Corn and L.M. Smith",
   TITLE="In situ surface plasmon resonance imaging detection of DNA hybridization to oligonucleotide arrays on gold surfaces",
   JOURNAL=AC,
   VOLUME=69,
   PAGES=4948,
   YEAR=1997
}
@ARTICLE{piscevic95,
   AUTHOR="D. Piscevic and R. Lawall and M. Veith and M. Liley and Y. Okahata and W. Knoll",
   TITLE="Oligonucleotide hybridization observed by surface plasmon optical techniques",
   JOURNAL=ASS,
   VOLUME=90,
   PAGES=425,
   YEAR=1995
}
@ARTICLE{boon00,
   AUTHOR="E.M. Boon and D.M. Ceres and T.G. Drummond and M.G. Hill and J.K. Barton",
   TITLE="Mutation detection by electrocatalysis at DNA-modified electrodes",
   JOURNAL=NB,
   VOLUME=18,
   PAGES=1096,
   YEAR=2000
}
@ARTICLE{berggren99,
   AUTHOR="C. Berggren and P. Stalhandske and J. Brundell and G. Johansson",
   TITLE="A feasibility study of a capacitive biosensor for direct detection of DNA hybridization",
   JOURNAL=EAS,
   VOLUME=11,
   PAGES=156,
   YEAR=1999
}
@ARTICLE{leibig93,
   AUTHOR="M. Leibig and T.C. Halsey",
   TITLE="The double layer impedance as a probe of surface roughness",
   JOURNAL=EA,
   VOLUME=38,
   PAGES=1985,
   YEAR=1993
}
@ARTICLE{scheider75,
   AUTHOR="W. Scheider",
   TITLE="Theory of the frequency dispersion of electrode polarization.  Topology of networks with fractional power frequency dependence",
   JOURNAL=JPC,
   VOLUME=79,
   PAGES=127,
   YEAR=1975
}
@ARTICLE{boubour_02,
   AUTHOR="Emmanuelle Boubour and R. Bruce Lennox",
   TITLE="Potential-induced defects in \emph{n}-alkanethiol self-assembled monolayers monitored by impedance spectroscopy",
   JOURNAL=JPCB,
   VOLUME=104,
   PAGES=9004,
   YEAR=2000
}
@ARTICLE{boubour_03,
   AUTHOR="Emmanuelle Boubour and R. Bruce Lennox",
   TITLE="Stability of $\omega$-functionalized self-assembled monolayers as a function of applied potential",
   JOURNAL="Langmuir",
   VOLUME=16,
   PAGES=7464,
   YEAR=2000
}
@ARTICLE{smith93,
   AUTHOR="C. P. Smith and H. S. White",
   TITLE="Voltammetry of molecular films containing acid/base groups",
   JOURNAL="Langmuir",
   VOLUME=9,
   PAGES=1,
   YEAR=1993
}
@ARTICLE{white98,
   AUTHOR="Henry S. White and Jeffry D. Peterson and Qizhi Cui and Keith J. Stevenson",
   TITLE="Voltammetric measurement of interfacial acid/base reactions",
   JOURNAL=JPCB,
   VOLUME=102,
   PAGES=2930,
   YEAR=1998
}
@ARTICLE{fawcett94,
   AUTHOR="W. Ronald Fawcett and Milan Fedurco and Zuzana Kovacova",
   TITLE="Double layer effects at molecular films containing acid/base groups",
   JOURNAL="Langmuir",
   VOLUME=10,
   PAGES=2403,
   YEAR=1994
}
@ARTICLE{kerner02,
   AUTHOR="Z. Kerner and T. Pajkossy",
   TITLE="Measurement of adsorption rates of anions on Au(111) electrodes by impedance spectroscopy",
   JOURNAL=EA,
   VOLUME=47,
   PAGES=2055,
   YEAR=2002
}
@ARTICLE{pajkossy96,
   AUTHOR="T. Pajkossy and T. Wandlowski and D.M. Kolb",
   TITLE="Impedance aspects of anion adsorption on gold single crystal electrodes",
   JOURNAL=JEC,
   VOLUME=414,
   PAGES=209,
   YEAR=1996
}
@ARTICLE{kuhr00,
   AUTHOR="W.G. Kuhr",
   TITLE="Electrochemical DNA analysis comes of age",
   JOURNAL=NB,
   VOLUME=18,
   PAGES=1042,
   YEAR=2000
}
@ARTICLE{patolsky01,
   AUTHOR="F. Patolsky and A. Lichtenstein and I. Willner",
   TITLE="Electronic transduction of DNA sensing processes on surfaces: Amplification of DNA detection and analysis of single-base mismatches by tagged liposomes",
   JOURNAL=JACS,
   VOLUME=123,
   PAGES=5194,
   YEAR=2001
}
@ARTICLE{wang_ac01,
   AUTHOR="J. Wang and D. Xu and A. Kawde and R. Polsky",
   TITLE="Metal nanoparticle-based electrochemical stripping potentiometric detection of DNA hybridization",
   JOURNAL=AC,
   VOLUME=73,
   PAGES=5576,
   YEAR=2001
}
@ARTICLE{yu01,
   AUTHOR="C.J. Yu and H. Wang and Y. Wan and H. Yowanto and J.C. Kim and L.H. Donilon and C. Tao and M. Strong and Y. Chong",
   TITLE="2'-ribose-ferrocene oligonucleotides for electronic detection of nucleic acids",
   JOURNAL=JOC,
   VOLUME=66,
   PAGES=2937,
   YEAR=2001
}
@ARTICLE{heaton01,
   AUTHOR="R.J. Heaton and A.W. Peterson and R.M. Georgiadis",
   TITLE="Electrostatic surface plasmon resonance: Direct electric field-induced hybridization and denaturation in monolayer nucleic acid films and label-free discrimination of base mismatches",
   JOURNAL=PNAS,
   VOLUME=98,
   PAGES=3701,
   YEAR=2001
}
@ARTICLE{souteyrand_ass00,
   AUTHOR="E. Souteyrand and J.P. Cloarec and J.R. Martin and M. Cabrera and M. Bras and J.P. Chauvet and V. Dugas and F. Bessueille",
   TITLE="Use of microtechnology for DNA chips implementation",
   JOURNAL=ASS,
   VOLUME=164,
   PAGES=246,
   YEAR=2000
}
@ARTICLE{cloarec99,
   AUTHOR="J.P. Cloarec and J.R. Martin and C. Polychronakos and I. Lawrence and M.F. Lawrence and E. Souteyrand",
   TITLE="Functionalization of $Si/SiO_2$ substrates with homooligonucleotides for a DNA biosensor",
   JOURNAL=SAB,
   VOLUME=58,
   PAGES=394,
   YEAR=1999
}
@ARTICLE{kharitonov01,
   AUTHOR="Andrei B. Kharitonov and Julian Wasserman and Eugenii Katz and Itamar Willner",
   TITLE="The use of impedance spectroscopy for the characterization of protein-modified ISFET devices: Application of the method for the analysis of biorecognition processes",
   JOURNAL=JPC,
   VOLUME=105,
   PAGES=4205,
   YEAR=2001
}
@ARTICLE{mansfeld88,
   AUTHOR="F. Mansfeld and S. Lin and Y. C. Chen and H. Shih",
   TITLE="Minimization of high-frequency phase shifts in impedance measurements",
   JOURNAL=JES,
   VOLUME=135,
   PAGES=906,
   YEAR=1988
}
@ARTICLE{souteyrand_jpcb97,
   AUTHOR="E. Souteyrand and J.P. Cloarec and J.R. Martin and C. Wilson and I. Lawrence and S. Mikkelsen and M.F. Lawrence",
   TITLE="Direct detection of the hybridization of synthetic homo-oligomer DNA sequences by field effect",
   JOURNAL=JPCB,
   VOLUME=101,
   PAGES=2980,
   YEAR=1997
}
@ARTICLE{lee01,
   AUTHOR="T. Lee and Y. Shim",
   TITLE="Direct DNA hybridization detection based on the oligonucleotide-functionalized conductive polymer",
   JOURNAL=AC,
   VOLUME=73,
   PAGES=5629,
   YEAR=2001
}
@ARTICLE{strother_nar00,
   AUTHOR="T. Strother and R.J. Hamers and L.M. Smith",
   TITLE="Covalent attachment of oligodeoxyribonucleotides to amine-modified Si (001) surfaces",
   JOURNAL=NAR,
   VOLUME=28,
   PAGES=3535,
   YEAR=2000
}
@ARTICLE{lin02,
   AUTHOR="Z. Lin and T. Strother and W. Cai and X. Cao and L.M. Smith and R.J. Hamers",
   TITLE="DNA attachment and hybridization at the Silicon (100) surface",
   JOURNAL="Langmuir",
   VOLUME=18,
   PAGES=788,
   YEAR=2002
}
@ARTICLE{strother_jacs00,
   AUTHOR="T. Strother and W. Cai and X. Zhao and R.J. Hamers and L.M. Smith",
   TITLE="Synthesis and characterization of DNA-modified silicon (111) surfaces",
   JOURNAL=JACS,
   VOLUME=122,
   PAGES=1205,
   YEAR=2000
}
@ARTICLE{fritz02,
   AUTHOR="J. Fritz and E.B. Cooper and S. Gaudet and P.K. Sorger and S.R. Manalis",
   TITLE="Electronic detection of DNA by its intrinsic molecular charge",
   JOURNAL=PNAS,
   VOLUME=99,
   PAGES=14142,
   YEAR=2002
}
@ARTICLE{bockris63,
   AUTHOR="J.O'M. Bockris and M.A.V. Devanathan and K. Muller",
   TITLE="On the structure of charged interfaces",
   JOURNAL="Proc. Roy. Soc. (London)",
   VOLUME="A274",
   PAGES=55,
   YEAR=1963
}
@ARTICLE{andreu94,
   AUTHOR="Rafael Andreu and W. Ronald Fawcett",
   TITLE="Discreteness-of-charge effects at molecular films containing acid/base groups",
   JOURNAL=JPC,
   VOLUME=98,
   PAGES=12753,
   YEAR=1994
}
@ARTICLE{nishiyama02,
   AUTHOR="K. Nishiyama and A. Kubo and A. Ueda and I. Taniguchi",
   TITLE="Surface p$K_a$ of amine-terminated self-assembled monolayers evaluated by direct observaton of counter anion by FT-surface enhanced raman spectroscopy",
   JOURNAL=CL,
   VOLUME=2002,
   PAGES=80,
   YEAR=2002
}
@ARTICLE{silva90,
   AUTHOR="Fernando Silva and M. J. Sottomayor and A. Hamelin and L. Stoicoviciu",
   TITLE="The temperature dependence of double layer properties of gold faces in perchloric acid.  Part III -- the gold (100) face",
   JOURNAL=JEC,
   VOLUME=295,
   PAGES=301,
   YEAR=1990
}
@ARTICLE{langkau02,
   AUTHOR="T. Langkau and H. Baltruschat",
   TITLE="The point of zero charge of adsorbed monolayers: $Pt$(111) covered by $Ag$",
   JOURNAL=EA,
   VOLUME=47,
   PAGES=1595,
   YEAR=2002
}
@book{bardandfaulkner,
   AUTHOR="A. J. Bard and L. R. Faulkner",
   TITLE="Electrochemical Methods: Fundamentals and Applications",
   PUBLISHER="John Wiley and Sons",
   YEAR=1980,
}
@book{bardandfaulkner2,
   AUTHOR="A. J. Bard and L. R. Faulkner",
   TITLE="Electrochemical Methods: Fundamentals and Applications",
   PUBLISHER="John Wiley and Sons",
   EDITION="Second",
   YEAR=2001,
}
@book{gonzalez,
   AUTHOR="Guillermo Gonzalez",
   TITLE="Microwave Transistor Amplifiers: Analysis and Design, second ed.",
   PUBLISHER="Prentice Hall",
   YEAR=1997,
   NOTE={p. 28-44}
}
@book{bond,
   AUTHOR="A. M. Bond",
   TITLE="Modern Polarographic Methods in Analytical Chemistry",
   PUBLISHER="Marcel Dekker, inc.",
   YEAR=1980,
}
@book{macdonald,
   AUTHOR="J. Ross Macdonald",
   TITLE="Impedance Spectroscopy: Emphasizing solid materials and systems",
   PUBLISHER="John Wiley and Sons",
   YEAR=1987,
}


