@STRING(PRL="Phys. Rev. Lett.")
@STRING(RMP="Rev. Mod. Phys.")
@STRING(SAB="Sensor. Actuat. B")
@STRING(ACA="Anal. Chim. Acta")
@STRING(AC="Anal. Chem.")
@STRING(BB="Biosensors and Bioelectronics")
@STRING(BP="Biotechnol. Prog.")
@STRING(JPC="J. Phys. Chem.")
@STRING(JPD="J. Phys. D: Appl. Phys.")
@STRING(ABB="Applied Biochemistry and Biotechnology")
@STRING(EST="Environ. Sci. Technol.")
@STRING(ASS="Applied Surface Science")
@STRING(NB="Nature Biotechnology")
@STRING(EAS="Electroanalysis")
@STRING(EA="Electrochimica Acta")
@STRING(JPCB="J. Phys. Chem. B")
@STRING(JEC="Journal of Electroanalytical Chemistry")
@STRING(JACS="J. Am. Chem. Soc.")
@STRING(JOC="J. Org. Chem.")
@STRING(PNAS="Proceedings of the National Academy of Sciences")
@STRING(JES="Journal of the Electrochemistry Society")
@STRING(NAR="Nucleic Acids Research")
@STRING(CL="Chem Lett")
@STRING(AX="AE")
@STRING(JAES="J. Audio Eng. Soc.")
@STRING(JAESA="J. Audio Eng. Soc. (Abstracts)")
@STRING(IRETA="IRE Trans. Audio")
@STRING(ASSP="IEEE Trans. Acoust., Speech, Signal Processing")
@STRING(BMC="BMC Plant Biology")
@STRING(AM="Agric. Meteorol.")	%Agricultural Meteorology


% The link to WinAVR
@misc{winavr,
    title = "Win{AVR}: {AVR-GCC} for {W}indows",
    url = "http://winavr.sourceforge.net"
}

% The link to GNU make
@misc{gnumake,
    title = "{GNU} make",
    url = "http://www.gnu.org/software/make"
}

% The link to avrdude
@misc{avrdude,
    title = "{AVRDUDE} -- {AVR} downloader/uploader",
    url = "http://www.nongnu.org/avrdude"
}

% The link to pgmspace documentation at Dean Camera's site
@misc{url:deancamera:pgmspace,
  title = "AVR-GCC and the PROGMEM Attribute",
  url = "http://fourwalledcubicle.com/AVRArticles.php" 
}

% The link to pgmspace documentation on savannah
@misc{url:savannah:pgmspace,
  title = "Data in program space",
  url = "http://www.nongnu.org/avr-libc/user-manual/pgmspace.html" 
}

% This is the link to Python's serial port interface
@misc{pyserial,
  title = "py{S}erial",
  url = "http://pyserial.sourceforge.net" 
}

% This is the link to Python's gnuplot interface
@misc{gnuplot-py,
  title = "Gnuplot.py",
  url = "http://gnuplot-py.sourceforge.net" 
}

% Sanjaya Maniktala's book on switching power supply design
@book{bok:maniktala2005,
  author =	 "Sanjaya Maniktala",
  title =	 "Switching Power Supply Design \& Optimization",
  publisher =	 "The McGraw-Hill Companies, Inc.",
  year =	 2005
}

% Philip C. C. Hobbs book on optical system design
@book{bok:hobbs2000,
author = "Philip C. D. Hobbs",
title = "Building Electro-Optical Systems",
publisher = "John Wiley and Sons, Inc.",
year = 2000
}



% Elecia White's O'Reilly book on Making Embedded Systems
@book{bok:white2012,
    AUTHOR="Elecia White",
    TITLE="Making Embedded Systems",
    PUBLISHER="O'Reilly Media, Inc.",
    YEAR=2012
}

% McCree paper on photosynthetic efficiency vs wavelength
@article{mccree71,
   AUTHOR="K.J. McCree",
   TITLE="The action spectrum, absorptance and quantum yield of photosynthesis in crop plants",
   JOURNAL=JPD,
   VOLUME=38,
   PAGES=3182,
   YEAR=2005
}

%Old E&M text from 1941 with blue cover
@book{warren,
   AUTHOR="A.G. Warren",
   TITLE="Mathematics applied to electrical engineering",
   PUBLISHER="Chapman and Hall Ltd.",
   YEAR=1958
}

@book{davies,
   AUTHOR="C.W. Davies",
   TITLE="Electrochemistry",
   PUBLISHER="Philosophical Library Inc.",
   YEAR=1968
}

%Schubert's LED book.  Discusses LED efficiencies and materials
@book{schubert,
   AUTHOR="E. Fred Schubert",
   TITLE="Light-emitting diodes",
   EDITION = "Second",
   PUBLISHER="Cambridge University Press",
   YEAR=2006
}

%This is the Humirel HS1100 data sheet
@misc{humirel,
  author = "Humirel",
  title = "{HS1100} data sheet",
  url = "www.humirel.com" 
}

@book{mason,
   AUTHOR="John Mason",
   TITLE="Commercial hydroponics",
   EDITION = "Second",
   PUBLISHER="Kangaroo press",
   YEAR=2005,
}

% This is the book I gave to Rich -- has the ``aerospring'' in it
@book{roberto,
   AUTHOR="Keith F Roberto",
   TITLE="How-to hydroponics",
   EDITION = "Fourth",
   PUBLISHER="Futuregarden",
   YEAR=2003
}

@article{small_1972,
author = "Richard H Small",
title = "Direct-radiator loudspeaker system analysis",
journal = JAES,
volume = 20,
pages = 383,
year = 1972
}


@article{greiner_1983,
author = "R. A. Greiner and Michael Schoessow",
title = "Electronic Equalization of Closed-Box Loudspeakers",
journal = JAES,
volume = 31,
pages = 126,
year = 1983
}

@ARTICLE{tamulaitis05,
   AUTHOR="G Tamulaitis and P Duchovskis and Z Bliznikas and K Breive and R Ulinskaite and A Brazaityte and A Novickovas and A Zukauskas",
   TITLE="High-power light-emitting diode based facility for plant cultivation",
   JOURNAL=JPD,
   VOLUME=38,
   PAGES=3182,
   YEAR=2005
}



@ARTICLE{folta05,
   AUTHOR="Kevin M Flota and Lawrence L Koss and Ryan McMorrow and Hyeon-Hye Kim and J Dustin Kenitz and Raymond Wheeler and John C Sager",
   TITLE="Design and fabrication of adjustable red-green-blue LED light arrays for plant research",
   JOURNAL=BMC,
   VOLUME=5,
   PAGES=17,
   YEAR=2005
}

@ARTICLE{shotipruk99,
   AUTHOR="Artiwan Shotipruk and Peter B. Kaufman and Henry Y. Wang",
   TITLE="Conceptual design of LED-based hydroponic photobioreactor for high-density plant cultivation",
   JOURNAL=BP,
   VOLUME=15,
   PAGES=1058,
   YEAR=1999
}
